@book{acemoglu2012nations,
  author        = {Acemoglu, Daron and Robinson, James A.},
  title         = {Why Nations Fail},
  subtitle      = {The Origins of Power, Prosperity, and Poverty},
  edition       = {1},
  address       = {New York},
  publisher     = {Crown Business},
  year          = {2012},
  pages         = {546},
  isbn          = {9780307719218}
}

@book{acemoglu2019narrow,
  author        = {Acemoglu, Daron e Robinson, James A.},
  title         = {The Narrow Corridor},
  subtitle      = {States, Societies, and the Fate of Liberty},
  edition       = {1},
  address       = {New York},
  publisher     = {Penguin Press},
  year          = {2019},
  isbn          = {9780735224384}
}

@book{acemoglu2022nacoes,
  author        = {Acemoglu, Daron and Robinson, James A.},
  title         = {Por que as nações fracassam},
  subtitle      = {as origens do poder, da prosperidade e da pobreza},
  address       = {Rio de Janeiro},
  publisher     = {Intrínseca},
  year          = {2022},
  pages         = {592},
  isbn          = {9786555605402},
  url           = {https://loja.intrinseca.com.br/por-que-as-nacoes-fracassam-as-origens-do-poder-da-prosperidade-e-da-pobreza-premio-nobel-de-economia-2024},
  urlaccessdate = {25 out. 2025}
}

@book{agostinho1990civitate,
  author        = {Agostinho, Santo},
  title         = {A cidade de {Deus}},
  subtitle      = {contra os pagãos},
  edition       = {2},
  address       = {Petrópolis},
  publisher     = {Vozes},
  year          = {1990},
  furtherresp   = {Tradução de Oscar Paes Leme},
  note          = {Livro XIV, capítulo 13}
}

@incollection{althusser1971ideology,
  author        = {Althusser, Louis},
  title         = {Ideology and Ideological State Apparatuses},
  booktitle     = {Lenin and Philosophy and Other Essays},
  address       = {New York},
  publisher     = {Monthly Review Press},
  year          = {1971},
  pages         = {127--186},
  furtherresp   = {Tradução de Ben Brewster},
  isbn          = {9780853452133},
  url           = {https://www.marxists.org/reference/archive/althusser/1970/ideology.htm},
  urlaccessdate = {25 out. 2025}
}


@book{bastiat1859sofismas,
  author        = {Bastiat, Frédéric},
  title         = {Economic Sophisms},
  edition       = {5},
  address       = {Irvington-on-Hudson, NY},
  publisher     = {Foundation for Economic Education},
  year          = {1996},
  pages         = {291},
  howpublished  = {E-book},
  isbn          = {9780910614146},
  url           = {https://fee.org/wp-content/uploads/ebooks/economicsophisms1.pdf},
  urlaccessdate = {25 out. 2025},
  furtherresp   = {Tradução de Arthur Goddard; introdução de Henry Hazlitt}
}

@article{becker1976,
  author        = {Becker, Gary S.},
  title         = {Toward a More General Theory of Regulation},
  subtitle      = {Comment},
  journal       = {The Journal of Law and Economics},
  address       = {Chicago},
  volume        = {19},
  number        = {2},
  pages         = {245--248},
  year          = {1976},
  month         = aug,
  issn          = {0022-2186},
  doi           = {10.1086/466867},
  url           = {http://www.jstor.org/stable/725165},
  urlaccessdate = {25 out. 2025},
  publisher     = {University of Chicago Press}
}

@techreport{bento2009caritas,
  author        = {Bento {XVI}},
  title         = {Caritas in veritate},
  subtitle      = {Sobre o desenvolvimento humano integral na caridade e na verdade},
  institution   = {Santa Sé},
  address       = {Cidade do Vaticano},
  publisher     = {Libreria Editrice Vaticana},
  type          = {Encíclica},
  year          = {2009},
  month         = jun,
  url           = {https://www.vatican.va/content/benedict-xvi/pt/encyclicals/documents/hf_ben-xvi_enc_20090629_caritas-in-veritate.html},
  urlaccessdate = {25 out. 2025}
}

@book{bhagwati2003free,
  author    = {Bhagwati, Jagdish N.},
  title     = {Free Trade Today},
  edition   = {1},
  address   = {Princeton},
  publisher = {Princeton University Press},
  year      = {2003},
  isbn      = {9780691117300},
  pages     = {144}
}

@article{black1948rationale,
  author        = {Black, Duncan},
  title         = {On the Rationale of Group Decision-Making},
  journal       = {Journal of Political Economy},
  address       = {Chicago},
  volume        = {56},
  number        = {1},
  pages         = {23--34},
  year          = {1948},
  doi           = {10.1086/256633},
  url           = {https://doi.org/10.1086/256633},
  urlaccessdate = {25 out. 2025},
  publisher     = {University of Chicago Press},
  issn          = {0022-3808}
}

@article{blendon1997,
  author        = {Blendon, Robert J. and Benson, John M. and Brodie, Mollyann and Morin, Richard and Altman, Drew E. and Gitterman, Daniel and Brossard, Mario and James, Matt},
  title         = {Bridging the Gap Between the Public’s and Economists’ Views of the Economy},
  journal       = {Journal of Economic Perspectives},
  volume        = {11},
  number        = {3},
  pages         = {105--118},
  year          = {1997},
  issn          = {0895-3309},
  doi           = {10.1257/jep.11.3.105},
  url           = {https://www.aeaweb.org/articles?id=10.1257/jep.11.3.105},
  urlaccessdate = {25 out. 2025},
  publisher     = {American Economic Association}
}

@book{downs1957economic,
  author        = {Downs, Anthony},
  title         = {Uma Teoria Econômica da Democracia},
  address       = {São Paulo},
  publisher     = {EDUSP},
  year          = {1999},
  isbn          = {978-8531404696},
  pages         = {334},
  edition       = {1}
}

@book{easterbrook2004progress,
  author        = {Easterbrook, Gregg},
  title         = {The Progress Paradox},
  subtitle      = {How Life Gets Better While People Feel Worse},
  edition       = {1},
  address       = {New York},
  publisher     = {Random House Publishing Group},
  year          = {2003},
  isbn          = {978-1588363268},
  pages         = {400},
  howpublished  = {E-book}
}

@article{ferraz2009,
  author        = {Ferraz, Claudio and Finan, Frederico},
  title         = {Electoral Accountability and Corruption},
  subtitle      = {Evidence from the Audits of Local Governments},
  journal       = {American Economic Review},
  volume        = {101},
  number        = {4},
  pages         = {1274--1311},
  year          = {2011},
  month         = jun,
  issn          = {0002-8282},
  doi           = {10.1257/aer.101.4.1274},
  url           = {https://www.aeaweb.org/articles?id=10.1257/aer.101.4.1274},
  urlaccessdate = {25 out. 2025},
  publisher     = {American Economic Association}
}

@book{fitzgibbons1995adam,
  author        = {Fitzgibbons, Athol},
  title         = {Adam Smith’s System of Liberty, Wealth, and Virtue},
  subtitle      = {The Moral and Political Foundations of \textit{The Wealth of Nations}},
  address       = {Oxford},
  publisher     = {Clarendon Press},
  year          = {1995},
  isbn          = {978-0191521768
},
  url           = {https://a.co/d/61c8YeP},
  howpublished  = {E-book},
  pages         = {224}
}

@book{franco2022cartas,
  author        = {Franco, Gustavo H. B.},
  title         = {Cartas a um jovem economista},
  edition       = {1},
  address       = {Rio de Janeiro},
  publisher     = {Sextante},
  year          = {2022},
  isbn          = {978-6555644685},
  pages         = {192}
}

@article{hameleers2020misinformation,
  author        = {Hameleers, Michael and van der Meer, Toni G. L. A.},
  title         = {Misinformation and Polarization in a High-Choice Media Environment},
  subtitle      = {How Effective Are Political Fact-Checkers?},
  journal       = {Communication Research},
  address       = {Thousand Oaks},
  volume        = {47},
  number        = {2},
  pages         = {227-250},
  year          = {2020},
  month         = mar,
  issn          = {0093-6502},
  doi           = {10.1177/0093650218819671},
  url           = {https://doi.org/10.1177/0093650218819671},
  urlaccessdate = {25 out. 2025},
  publisher     = {SAGE Publications}
}

@misc{hart2019bastiat,
  author        = {Hart, David M.},
  title         = {Reassessing Bastiat's Economic Harmonies after 160 Years},
  journal       = {Liberty Matters},
  publisher     = {Online Library of Liberty},
  month         = may,
  year          = {2019},
  url           = {https://oll.libertyfund.org/publications/liberty-matters/2019-05-01-david-m-hart-reassessing-bastiat-s-economic-harmonies-after-160-years-may-2019},
  urlaccessdate = {25 out. 2025}
}

@book{Hausman_McPherson_Satz_2016,
  author        = {Hausman, Daniel M. and McPherson, Michael S. and Satz, Debra},
  title         = {Economic Analysis, Moral Philosophy, and Public Policy},
  edition       = {2},
  address       = {Cambridge},
  publisher     = {Cambridge University Press},
  year          = {2006},
  isbn          = {978-0511360596},
  pages         = {418},
  howpublished  = {E-book},
  url           = {https://a.co/d/0vV1xX1}
}

@article{hayek_knowledge_use,
  author        = {Hayek, F. A.},
  title         = {The Use of Knowledge in Society},
  journal       = {The American Economic Review},
  volume        = {35},
  number        = {4},
  pages         = {519--530},
  year          = {1945},
  issn          = {0002-8282},
  url           = {http://www.jstor.org/stable/1809376},
  urlaccessdate = {25 out. 2025},
  publisher     = {American Economic Association}
}

@book{higgs1987crisis,
  author        = {Higgs, Robert},
  title         = {Crisis and Leviathan},
  subtitle      = {Critical Episodes in the Growth of American Government},
  address       = {New York},
  publisher     = {Oxford University Press},
  year          = {1989},
  isbn          = {978-0195059007},
  pages         = {376}
}

@article{jansen2016self,
  author        = {Jansen, Giedo},
  title         = {Self-Employment as Atypical or Autonomous Work},
  subtitle      = {Diverging Effects on Political Orientations},
  journal       = {Socio-Economic Review},
  volume        = {17},
  number        = {2},
  pages         = {381--407},
  year          = {2019},
  month         = apr,
  issn          = {1475-147X},
  doi           = {10.1093/ser/mww017},
  url           = {https://academic.oup.com/ser/article/17/2/381/2890746},
  urlaccessdate = {25 out. 2025},
  publisher     = {Oxford University Press}
}

@article{jensen2009political,
  author        = {Jensen, Jason L. and Sum, Paul E. and Flynn, David T.},
  title         = {Political Orientations and Behavior of Public Employees},
  subtitle      = {A Cross-National Comparison},
  journal       = {Journal of Public Administration Research and Theory},
  volume        = {19},
  number        = {4},
  pages         = {709--730},
  year          = {2009},
  month         = oct,
  issn          = {1477-9803},
  doi           = {10.1093/jopart/mun031},
  url           = {https://academic.oup.com/jpart/article/19/4/709/888832},
  urlaccessdate = {25 out. 2025},
  publisher     = {Oxford University Press}
}

@article{Judgment_under_Uncertainty,
  author        = {Tversky, Amos and Kahneman, Daniel},
  title         = {Judgment under Uncertainty},
  subtitle      = {Heuristics and Biases},
  journal       = {Science},
  volume        = {185},
  number        = {4157},
  pages         = {1124--1131},
  year          = {1974},
  month         = sep,
  doi           = {10.1126/science.185.4157.1124},
  url           = {https://www.science.org/doi/10.1126/science.185.4157.1124},
  urlaccessdate = {25 out. 2025}
}

@article{kahan2012polarization,
  author        = {Kahan, Dan M.},
  title         = {Ideology, Motivated Reasoning, and Cognitive Reflection},
  journal       = {Judgment and Decision Making},
  volume        = {8},
  number        = {4},
  pages         = {407--424},
  year          = {2013},
  month         = jul,
  issn          = {1930-2975},
  doi           = {10.1017/S1930297500005271},
  url           = {https://www.cambridge.org/core/journals/judgment-and-decision-making/article/ideology-motivated-reasoning-and-cognitive-reflection/F8A6A74C9022363D672B0FD14DD8B89F},
  urlaccessdate = {25 out. 2025},
  publisher     = {Cambridge University Press}
}

@book{kahneman2011thinking,
  author        = {Kahneman, Daniel},
  title         = {Rápido e devagar},
  subtitle      = {Duas formas de pensar},
  address       = {Rio de Janeiro},
  publisher     = {Objetiva},
  year          = {2012},
  isbn          = {9788539003839},
  pages         = {612},
  howpublished  = {E-book}
}

@article{kitschelt2014occupations,
  author        = {Kitschelt, Herbert and Rehm, Philipp},
  title         = {Occupations as a Site of Political Preference Formation},
  journal       = {Comparative Political Studies},
  volume        = {47},
  number        = {12},
  pages         = {1670--1706},
  year          = {2014},
  month         = oct,
  issn          = {1552-3829},
  doi           = {10.1177/0010414013516066},
  url           = {https://journals.sagepub.com/doi/10.1177/0010414013516066},
  urlaccessdate = {25 out. 2025},
  publisher     = {SAGE Publications}
}

@book{landsburg2012armchair,
  author        = {Landsburg, Steven E.},
  title         = {The Armchair Economist},
  subtitle      = {Economics and Everyday Life, Revised and Updated for the 21st Century},
  edition       = {1},
  address       = {New York},
  publisher     = {Free Press},
  year          = {2012},
  isbn          = {9781451651737},
  pages         = {336}
}

@article{laporta1999quality,
  author        = {La Porta, Rafael and Lopez-de-Silanes, Florencio and Shleifer, Andrei and Vishny, Robert W.},
  title         = {The Quality of Government},
  journal       = {The Journal of Law, Economics, and Organization},
  volume        = {15},
  number        = {1},
  pages         = {222--279},
  year          = {1999},
  month         = mar,
  issn          = {1465-7341},
  doi           = {10.1093/jleo/15.1.222},
  url           = {https://academic.oup.com/jleo/article/15/1/222/827397},
  urlaccessdate = {25 out. 2025},
  publisher     = {Oxford University Press}
}

@book{locke2014ensaio,
  author        = {Locke, John},
  title         = {Ensaio sobre o entendimento humano},
  edition       = {1},
  address       = {São Paulo},
  publisher     = {Martins Fontes},
  year          = {2012},
  isbn          = {9788580630268},
  pages         = {828},
  furtherresp   = {Tradução de Pedro Paulo Garrido Pimenta}
}

@article{lupu2020mistrust,
  author        = {Lupu, Noam and Ramírez Bustamante, Mariana V. and Zechmeister, Elizabeth J.},
  title         = {Social Media Disruption},
  subtitle      = {Messaging Mistrust in Latin America},
  journal       = {Journal of Democracy},
  volume        = {31},
  number        = {3},
  pages         = {160--171},
  year          = {2020},
  month         = jul,
  issn          = {1086-3214},
  doi           = {10.1353/jod.2020.0038},
  url           = {https://doi.org/10.1353/jod.2020.0038},
  urlaccessdate = {25 out. 2025},
  publisher     = {Johns Hopkins University Press},
  address       = {Baltimore}
}

@book{mankiw2020introducao,
  author        = {Mankiw, N. Gregory},
  title         = {Introdução à economia},
  edition       = {8},
  address       = {São Paulo},
  publisher     = {Cengage Learning},
  year          = {2019},
  isbn          = {9788522127917},
  pages         = {720},
  furtherresp   = {Tradução de Allan Vidigal Hastings, Elisete Paes e EZ2 Translate; revisão técnica de Manuel José Nunes Pinto}
}

@book{maritain1943humanisme,
  author        = {Maritain, Jacques},
  title         = {Humanisme intégral},
  subtitle      = {problèmes temporels et spirituels d'une nouvelle chrétienté},
  address       = {Paris},
  publisher     = {Fernand Aubier},
  year          = {1943}
}

@article{mark_history,
  author        = {Blaug, Mark},
  title         = {No History of Ideas, Please, We’re Economists},
  journal       = {Journal of Economic Perspectives},
  volume        = {15},
  number        = {1},
  pages         = {145--164},
  year          = {2001},
  issn          = {0895-3309},
  doi           = {10.1257/jep.15.1.145},
  url           = {https://www.aeaweb.org/articles?id=10.1257/jep.15.1.145},
  urlaccessdate = {25 out. 2025},
  publisher     = {American Economic Association}
}

@book{mccloskey1998rhetoric,
  author        = {McCloskey, Deirdre N.},
  title         = {The Rhetoric of Economics},
  address       = {Madison},
  publisher     = {University of Wisconsin Press},
  year          = {1998}
}

@book{Myths-of-Rich-and-Poor,
  author        = {Cox, W. Michael and Alm, Richard},
  title         = {Myths of Rich and Poor},
  subtitle      = {Why We’re Better Off Than We Think},
  edition       = {1},
  address       = {New York},
  publisher     = {Basic Books},
  year          = {2000},
  isbn          = {9780465047833},
  pages         = {272},
  howpublished  = {E-book},
  url           = {https://a.co/d/hCosDze}
}

@book{north1990institutions,
  author        = {North, Douglass C.},
  title         = {Instituições, mudança institucional e desempenho econômico},
  address       = {São Paulo},
  publisher     = {Três Estrelas},
  year          = {2018},
  isbn          = {9788568493458},
  pages         = {256}
}

@article{nyhan2010when,
  author        = {Nyhan, Brendan and Reifler, Jason},
  title         = {When Corrections Fail: The Persistence of Political Misperceptions},
  journal       = {Political Behavior},
  volume        = {32},
  number        = {2},
  pages         = {303--330},
  year          = {2010},
  month         = jun,
  issn          = {1573-6687},
  doi           = {10.1007/s11109-010-9112-2},
  url           = {https://link.springer.com/article/10.1007/s11109-010-9112-2},
  urlaccessdate = {25 out. 2025},
  publisher     = {Springer}
}

@book{page1992,
  author        = {Page, Benjamin I. and Shapiro, Robert Y.},
  title         = {The Rational Public},
  subtitle      = {Fifty Years of Trends in Americans' Policy Preferences},
  series        = {American Politics and Political Economy Series},
  address       = {Chicago},
  publisher     = {University of Chicago Press},
  year          = {2010},
  isbn          = {9780226644783},
  pages         = {506},
  url           = {https://press.uchicago.edu/ucp/books/book/chicago/R/bo3762628.html},
  urlaccessdate = {25 out. 2025}
}

@book{popperlogic,
  author        = {Popper, Karl R.},
  title         = {The Logic of Scientific Discovery},
  address       = {London},
  publisher     = {Routledge},
  year          = {2002},
  isbn          = {9780415278447},
  url           = {https://www.routledge.com/The-Logic-of-Scientific-Discovery/Popper/p/book/9780415278447},
  urlaccessdate = {25 out. 2025}
}

@book{positive_economics_friedman,
  author        = {Friedman, Milton},
  title         = {Essays in Positive Economics},
  address       = {Chicago},
  publisher     = {University of Chicago Press},
  year          = {1953},
  isbn          = {978-0226264028},
  pages         = {334}
}

@book{rand2012revolta,
  author        = {Rand, Ayn},
  title         = {A revolta de Atlas},
  address       = {São Paulo},
  publisher     = {Editora Arqueiro},
  year          = {2017},
  isbn          = {9788580417586},
  pages         = {1216},
  howpublished  = {E-book},
  furtherresp   = {Tradução de Paulo Henriques Britto}
}

@article{rossini2023explaining,
  author        = {Rossini, Patrícia and Mont'Alverne, Camila and Kalogeropoulos, Antonis},
  title         = {Explaining Beliefs in Electoral Misinformation in the 2022 Brazilian Election},
  subtitle      = {The Role of Ideology, Political Trust, Social Media, and Messaging Apps},
  journal       = {HKS Misinformation Review},
  volume        = {4},
  number        = {3},
  pages         = {1--16},
  year          = {2023},
  month         = may,
  issn          = {2641-6695},
  doi           = {10.37016/mr-2020-115},
  url           = {https://doi.org/10.37016/mr-2020-115},
  urlaccessdate = {25 out. 2025}
}

@misc{saee1996,
  author        = {{The Washington Post} and {Kaiser Family Foundation} and {Harvard University}},
  title         = {Survey of Americans and Economists on the Economy},
  year          = {1996},
  url           = {https://www.kff.org/other/poll-finding/survey-of-americans-and-economists-on-the/},
  urlaccessdate = {25 out. 2025}
}

@book{schumpeter1976capitalism,
  author        = {Schumpeter, Joseph A.},
  title         = {Capitalism, Socialism and Democracy},
  edition       = {3},
  address       = {New York},
  publisher     = {HarperCollins},
  year          = {2008},
  isbn          = {9780061561610},
  pages         = {466},
  furtherresp   = {New introduction by Thomas K. McCraw}
}

@book{sen1999development,
  author        = {Sen, Amartya},
  title         = {Development as Freedom},
  address       = {Oxford},
  publisher     = {Oxford University Press},
  year          = {2001},
  isbn          = {9780198297581},
  pages         = {366}
}

@article{simon1955behavioral,
  author        = {Simon, Herbert A.},
  title         = {A Behavioral Model of Rational Choice},
  journal       = {The Quarterly Journal of Economics},
  volume        = {69},
  number        = {1},
  pages         = {99--118},
  year          = {1955},
  doi           = {10.2307/1884852},
  url           = {https://academic.oup.com/qje/article/69/1/99/1882786},
  urlaccessdate = {25 out. 2025},
  publisher     = {Oxford University Press}
}

@book{smith1759-theory-of-moral-sentiments,
  author        = {Smith, Adam},
  title         = {The Theory of Moral Sentiments},
  series        = {The Glasgow Edition of the Works and Correspondence of Adam Smith},
  volume        = {1},
  address       = {Indianapolis},
  publisher     = {Liberty Fund},
  year          = {1982},
  isbn          = {9780865970120},
  pages         = {412},
  editor        = {Raphael, David D. and Macfie, A. L.},
  note          = {Includes bibliographical references and index}
}

@book{sowell2000basic,
  author        = {Sowell, Thomas},
  title         = {Basic Economics},
  subtitle      = {A Citizen's Guide to the Economy},
  edition       = {1},
  address       = {New York},
  publisher     = {Basic Books},
  year          = {2000},
  isbn          = {9780465081387},
  pages         = {366},
  note          = {Includes bibliographical references (p. 347--357) and index}
}

@book{sowell2004applied,
  author        = {Sowell, Thomas},
  title         = {Applied Economics},
  subtitle      = {Thinking Beyond Stage One},
  address       = {New York},
  publisher     = {Basic Books},
  year          = {2008},
  isbn          = {9780465003457},
  pages         = {352},
  note          = {Includes bibliographical references (p. 277--317)}
}

@article{stetka26042025,
  author        = {Štětka, Václav and Brandão, Francisco and Mihelj, Sabina and Tóth, Fanni and Hallin, Daniel and Rothberg, Danilo and Ferracioli, Paulo and Klimkiewicz, Beata},
  title         = {Have People 'Had Enough of Experts'? The Impact of Populism and Pandemic Misinformation on Institutional Trust in Comparative Perspective},
  journal       = {Information, Communication \& Society},
  volume        = {28},
  number        = {6},
  pages         = {1039--1060},
  year          = {2025},
  doi           = {10.1080/1369118X.2024.2413121},
  url           = {https://doi.org/10.1080/1369118X.2024.2413121},
  urlaccessdate = {25 out. 2025},
  publisher     = {Routledge}
}

@book{sunstein2017republic,
  author        = {Sunstein, Cass R.},
  title         = {\#Republic},
  subtitle      = {Divided Democracy in the Age of Social Media},
  address       = {Princeton},
  publisher     = {Princeton University Press},
  year          = {2017},
  isbn          = {9780691175515},
  url           = {https://press.princeton.edu/books/hardcover/9780691175515/republic},
  urlaccessdate = {25 out. 2025}
}

@article{Systematically_Biased_Beliefs_about_Economics,
  author        = {Caplan, Bryan},
  title         = {Systematically Biased Beliefs about Economics},
  subtitle      = {Robust Evidence of Judgemental Anomalies from the Survey of Americans and Economists on the Economy},
  journal       = {The Economic Journal},
  volume        = {112},
  number        = {479},
  pages         = {433--458},
  year          = {2002},
  month         = apr,
  issn          = {1468-0297},
  doi           = {10.1111/1468-0297.00041},
  url           = {https://academic.oup.com/ej/article/112/479/433/5085452},
  urlaccessdate = {25 out. 2025},
  publisher     = {Oxford University Press}
}

@book{taleb2014antifragile,
  author        = {Taleb, Nassim Nicholas},
  title         = {Antifragile},
  subtitle      = {Things that Gain from Disorder},
  edition       = {1},
  address       = {New York},
  publisher     = {Random House},
  year          = {2014},
  isbn          = {9780812979688},
  pages         = {519},
  series        = {Incerto}
}

@book{The_Myth_of_the_Rational_Voter,
  author        = {Caplan, Bryan D.},
  title         = {The Myth of the Rational Voter},
  subtitle      = {Why Democracies Choose Bad Policies},
  address       = {Princeton},
  publisher     = {Princeton University Press},
  year          = {2011},
  isbn          = {978-1400828821},
  pages         = {292},
  howpublished  = {E-book},
  url           = {https://a.co/d/ecRZgNw}
}

@book{von1949human,
  author        = {Mises, Ludwig von},
  title         = {Ação humana},
  subtitle      = {Um tratado de economia},
  edition       = {3},
  address       = {São Paulo},
  publisher     = {LVM Editora},
  year          = {2017},
  isbn          = {9788562816833},
  pages         = {1020}
}

@book{zaller1992nature,
  author        = {Zaller, John},
  title         = {The Nature and Origins of Mass Opinion},
  edition       = {1},
  address       = {Cambridge},
  publisher     = {Cambridge University Press},
  year          = {2012},
  isbn          = {9780511818691},
  pages         = {382},
  series        = {Cambridge Studies in Public Opinion and Political Psychology},
  howpublished  = {E-book}
}

@book{newman2020ideia,
  author        = {Newman, John Henry},
  title         = {A ideia de uma universidade},
  edition       = {1},
  address       = {Campinas, SP},
  publisher     = {Ecclesiae},
  year          = {2020},
  isbn          = {9788584911516},
  furtherresp   = {Tradução de Bruno Alexander; edição de Felipe Denardi}
}

@book{franco2021licoes,
  author        = {Franco, Gustavo H. B.},
  title         = {Lições amargas},
  subtitle      = {Uma história provisória da atualidade},
  edition       = {1},
  address       = {Rio de Janeiro},
  publisher     = {História Real},
  year          = {2021},
  isbn          = {978-6587518114},
  pages         = {256}
}

@book{sowell2007conflict,
  author        = {Sowell, Thomas},
  title         = {A Conflict of Visions},
  subtitle      = {Ideological Origins of Political Struggles},
  edition       = {2},
  address       = {New York},
  publisher     = {Basic Books},
  year          = {2007},
  isbn          = {9780465002054},
  howpublished  = {E-book}
}

@book{westen2007political,
  author        = {Westen, Drew},
  title         = {The Political Brain},
  subtitle      = {The Role of Emotion in Deciding the Fate of the Nation},
  address       = {New York},
  publisher     = {PublicAffairs},
  year          = {2007},
  isbn          = {9781586485733}
}

@book{hausman2008,
  editor        = {Hausman, Daniel M.},
  title         = {The Philosophy of Economics},
  subtitle      = {An Anthology},
  edition       = {3},
  address       = {Cambridge},
  publisher     = {Cambridge University Press},
  year          = {2008},
  isbn          = {9780521883504},
  pages         = {527},
  howpublished  = {E-book},
  url           = {https://a.co/d/5Mqrkzm}
}

@book{stigum2003,
  author        = {Stigum, Bernt P.},
  title         = {Econometrics and the Philosophy of Economics},
  subtitle      = {Theory--Data Confrontations in Economics},
  address       = {Princeton},
  publisher     = {Princeton University Press},
  year          = {2003},
  isbn          = {0691113009},
  note          = {Inclui bibliografia e índice}
}

@book{ridleyotimista,
  author        = {Ridley, Matt},
  title         = {O otimista racional},
  subtitle      = {por que o mundo melhora},
  edition       = {1},
  address       = {Rio de Janeiro},
  publisher     = {Record},
  year          = {2014},
  month         = feb,
  isbn          = {9788501093097},
  pages         = {434},
  note          = {Tradução de Ana Maria Mandim. Título original: \textit{The Rational Optimist: How Prosperity Evolves}.}
}

@article{Magistro2022,
  author        = {Magistro, Beatrice},
  title         = {The Influence of Financial and Economic Literacy on Policy Preferences in Italy},
  journal       = {Economics and Politics},
  volume        = {34},
  number        = {2},
  pages         = {351--381},
  year          = {2022},
  month         = jul,
  doi           = {10.1111/ecpo.12201}
}

@article{AlesinaMianoStantcheva2023,
  author        = {Alesina, Alberto and Miano, Armando and Stantcheva, Stefanie},
  title         = {Immigration and Redistribution},
  journal       = {The Review of Economic Studies},
  volume        = {90},
  number        = {1},
  pages         = {1--39},
  year          = {2023},
  month         = jan,
  doi           = {10.1093/restud/rdac011}
}

@article{AsherNovosad2023,
  author        = {Asher, Sam and Novosad, Paul},
  title         = {Rent-Seeking and Criminal Politicians: Evidence from Mining Booms},
  journal       = {The Review of Economics and Statistics},
  volume        = {105},
  number        = {1},
  pages         = {20--39},
  year          = {2023},
  month         = jan,
  doi           = {10.1162/rest_a_01064}
}

@article{BrouwerDeHaan2022,
  author        = {Brouwer, Nils and de Haan, Jakob},
  title         = {Trust in the {ECB}: Drivers and Consequences},
  journal       = {European Journal of Political Economy},
  volume        = {74},
  pages         = {102262},
  year          = {2022},
  doi           = {10.1016/j.ejpoleco.2022.102262}
}

@article{Kantorowicz2025,
  author        = {Kantorowicz, Jarosław and Metelska-Szaniawska, Katarzyna},
  title         = {Debt Beliefs and Public Support for Restrictive Fiscal Rules},
  journal       = {Economics Letters},
  volume        = {247},
  pages         = {112104},
  year          = {2025},
  doi           = {10.1016/j.econlet.2024.112104}
}

@article{Acemoglu2019,
  author        = {Acemoglu, Daron and Naidu, Suresh and Restrepo, Pascual and Robinson, James A.},
  title         = {Democracy Does Cause Growth},
  journal       = {Journal of Political Economy},
  address       = {Chicago},
  volume        = {127},
  number        = {1},
  pages         = {47--100},
  year          = {2019},
  month         = {fev},
  issn          = {0022-3808},
  doi           = {10.1086/700936},
  url           = {https://doi.org/10.1086/700936},
  urlaccessdate = {25 out. 2025}
}

@book{AchenBartels2016,
  author        = {Achen, Christopher H. and Bartels, Larry M.},
  title         = {Democracy for Realists: Why Elections Do Not Produce Responsive Government},
  address       = {Princeton},
  publisher     = {Princeton University Press},
  year          = {2017},
  isbn          = {9780691178240},
  url           = {http://www.jstor.org/stable/j.ctvc7770q},
  urlaccessdate = {25 out. 2025}
}

@book{Buchanan1962TheCO,
  author        = {Buchanan, James M. and Tullock, Gordon},
  title         = {The Calculus of Consent},
  subtitle      = {Logical Foundations of Constitutional Democracy},
  address       = {Ann Arbor},
  publisher     = {University of Michigan Press},
  year          = {1962}
}

@book{olson1965logic,
  author        = {Olson, Mancur},
  title         = {The Logic of Collective Action: Public Goods and the Theory of Groups, With a New Preface and Appendix},
  series        = {American Studies Collection},
  address       = {Cambridge, MA},
  publisher     = {Harvard University Press},
  year          = {1965},
  isbn          = {9780674537514}
}

@article{stigler1971,
  author        = {Stigler, George J.},
  title         = {The Theory of Economic Regulation},
  journal       = {The Bell Journal of Economics and Management Science},
  volume        = {2},
  number        = {1},
  pages         = {3--21},
  year          = {1971},
  url           = {http://www.jstor.org/stable/3003160},
  urlaccessdate = {25 out. 2025}
}

@article{Peltzman1976,
  author        = {Peltzman, Sam},
  title         = {Toward a More General Theory of Regulation},
  journal       = {Journal of Law and Economics},
  volume        = {19},
  number        = {2},
  pages         = {211--240},
  year          = {1976},
  month         = aug,
  doi           = {10.1086/466865},
  url           = {https://ideas.repec.org/a/ucp/jlawec/v19y1976i2p211-40.html},
  urlaccessdate = {25 out. 2025}
}

@article{Krueger1974,
  author        = {Krueger, Anne O.},
  title         = {The Political Economy of the Rent-Seeking Society},
  journal       = {American Economic Review},
  volume        = {64},
  number        = {3},
  pages         = {291--303},
  year          = {1974},
  month         = jun,
  url           = {https://ideas.repec.org/a/aea/aecrev/v64y1974i3p291-303.html},
  urlaccessdate = {25 out. 2025}
}

@article{prescott1977,
  author        = {Kydland, Finn E. and Prescott, Edward C.},
  title         = {Rules Rather Than Discretion: The Inconsistency of Optimal Plans},
  journal       = {Journal of Political Economy},
  volume        = {85},
  number        = {3},
  pages         = {473--491},
  year          = {1977},
  month         = jun,
  doi           = {10.1086/260580},
  url           = {https://ideas.repec.org/a/ucp/jpolec/v85y1977i3p473-91.html},
  urlaccessdate = {25 out. 2025}
}

@article{barro1983,
  author        = {Barro, Robert J. e Gordon, David B.},
  title         = {Rules, Discretion and Reputation in a Model of Monetary Policy},
  journal       = {Journal of Monetary Economics},
  address       = {Amsterdam},
  volume        = {12},
  number        = {1},
  pages         = {101--121},
  year          = {1983},
  month         = jul,
  issn          = {0304-3932},
  doi           = {10.1016/0304-3932(83)90051-X},
  url           = {https://ideas.repec.org/a/eee/moneco/v12y1983i1p101-121.html},
  urlaccessdate = {25 out. 2025}
}

@misc{pioxi1931quadragesimo,
  author       = {{Pio XI}},
  title        = {Quadragesimo anno},
  subtitle     = {sobre a restauração da ordem social},
  year         = {1931},
  month        = may,
  address      = {Cidade do Vaticano},
  howpublished = {Encíclica papal},
  publisher    = {Libreria Editrice Vaticana},
  note         = {Promulgada em 15 de maio de 1931},
  url          = {https://www.vatican.va/content/pius-xi/pt/encyclicals/documents/hf_p-xi_enc_19310515_quadragesimo-anno.html},
  urlaccessdate = {25 out. 2025}
}

@book{pcjp2004compendio,
  author        = {{Pontifício Conselho Justiça e Paz}},
  title         = {Compêndio da doutrina social da Igreja},
  address       = {São Paulo},
  publisher     = {Paulinas},
  year          = {2005},
  pages         = {528},
  isbn          = {9788535628753},
  url           = {https://m.paulinas.com.br/produto/Compendio-da-doutrina-social-da-igreja-507296-1363},
  urlaccessdate = {25 out. 2025}
}

@book{chesterton1926outline,
  author       = {Chesterton, G. K.},
  title        = {Um Esboço da Sanidade},
  subtitle     = {Pequeno Manual do Distributismo},
  address      = {Campinas},
  publisher    = {Ecclesiae},
  year         = {2016},
  pages        = {200},
  isbn         = {9788584910281}
}

@book{belloc1912servile,
  author       = {Belloc, Hilaire},
  title        = {The Servile State},
  address      = {London; Edinburgh},
  publisher    = {T. N. Foulis},
  year         = {1912},
  pages        = {188},
  url          = {https://www.gutenberg.org/files/64882/64882-h/64882-h.htm},
  urlaccessdate= {25 out. 2025}
}

@book{whitehead1978process,
  author        = {Whitehead, Alfred North},
  title         = {Process and Reality},
  subtitle      = {An Essay in Cosmology},
  address       = {New York},
  publisher     = {Free Press},
  year          = {1978},
  pages         = {413},
  editor        = {Griffin, David Ray and Sherburne, Donald W.},
  isbn          = {9780029345702},
  note          = {Corrected edition, eds. D. R. Griffin \& D. W. Sherburne},
  url           = {https://openlibrary.org/books/OL4570566M/Process_and_reality},
  urlaccessdate = {25 out. 2025}
}

@book{platao_republica,
  author        = {Platão},
  title         = {A República},
  edition       = {14},
  address       = {Lisboa},
  publisher     = {Fundação Calouste Gulbenkian},
  year          = {2014},
  pages         = {512},
  isbn          = {9789723105094},
  furtherresp   = {Introdução, tradução e notas de Maria Helena da Rocha Pereira},
  url           = {https://gulbenkian.pt/publication/a-republica-14a-edicao/},
  urlaccessdate = {25 out. 2025},
  note          = {Livro VI--VII (514a--517a)}
}

@book{macintyre2007after,
  author       = {MacIntyre, Alasdair},
  title        = {After Virtue},
  edition      = {3},
  address      = {Notre Dame, IN},
  publisher    = {University of Notre Dame Press},
  year         = {2007},
  pages        = {306},
  isbn         = {9780268035044},
  url          = {https://undpress.nd.edu/9780268035044/after-virtue/},
  urlaccessdate= {25 out. 2025}
}

@book{maritain1943education,
  author       = {Maritain, Jacques},
  title        = {Education at the Crossroads},
  address      = {New Haven},
  publisher    = {Yale University Press},
  year         = {1943},
  pages        = {120},
  series       = {The Terry Lectures Series},
  url          = {https://search.worldcat.org/title/Education-at-the-crossroads/oclc/177591},
  urlaccessdate= {25 out. 2025}
}

@book{nussbaum2010notforprofit,
  author       = {Nussbaum, Martha C.},
  title        = {Not for Profit},
  subtitle     = {Why Democracy Needs the Humanities},
  address      = {Princeton},
  publisher    = {Princeton University Press},
  year         = {2010},
  pages        = {184},
  isbn         = {9780691140643},
  url          = {https://www.jstor.org/stable/j.ctt7rpcw},
  urlaccessdate= {25 out. 2025}
}
